<?xml version="1.0" encoding="UTF-8"?><collection xmlns="http://www.loc.gov/MARC21/slim"><record><leader>00366nam--2200133-i-4500</leader><controlfield tag="001">000049384</controlfield><controlfield tag="002">20161230</controlfield><controlfield tag="005">20161230201047</controlfield><controlfield tag="008">060222s1000------------r-----000-0-eng-d</controlfield><datafield ind1=" " ind2=" " tag="080"><subfield code="a">65.01</subfield></datafield><datafield ind1=" " ind2=" " tag="100"><subfield code="a">Paterson, T.T</subfield></datafield><datafield ind1=" " ind2=" " tag="245"><subfield code="a">Theorie du management. traduit et adapte de l`anglais par roland caude</subfield></datafield><datafield ind1=" " ind2=" " tag="260"><subfield code="a">Paris, Gauthier-villars, 1969, Xii+252p</subfield></datafield><datafield ind1=" " ind2=" " tag="852"><subfield code="a">45046</subfield></datafield></record></collection>